@inproceedings{steiner2009ttethernet,
  title={TTEthernet: Time-triggered services for Ethernet networks},
  author={Steiner, Wilfried and Bauer, G{\"u}nther},
  booktitle={2009 IEEE/AIAA 28th Digital Avionics Systems Conference},
  volume={},
  number={},
  pages={1.B.4-1-1.B.4-1},
  year={2009},
  organization={IEEE}
}

@incollection{steiner2018time,
  title={Time-triggered ethernet},
  author={Steiner, Wilfried and Bauer, G{\"u}nther and Hall, Brendan and Paulitsch, Michael},
  booktitle={Time-Triggered Communication},
  pages={209--248},
  year={2018},
  publisher={CRC Press}
}

@inproceedings{kopetz2005time,
  title={The time-triggered ethernet (TTE) design},
  author={Kopetz, Hermann and Ademaj, Astrit and Grillinger, Petr and Steinhammer, Klaus},
  booktitle={Eighth IEEE International Symposium on Object-Oriented Real-Time Distributed Computing (ISORC'05)},
  pages={22--33},
  year={2005},
  organization={IEEE}
}

@inproceedings{TT,
  title={TTEthernet dataflow concept},
  author={Steiner, Wilfried and Bauer, G{\"u}nther and Hall, Brendan and Paulitsch, Michael and Varadarajan, Srivatsan},
  booktitle={2009 Eighth IEEE International Symposium on Network Computing and Applications},
  pages={319--322},
  year={2009},
  organization={IEEE}
}

@inproceedings{suethanuwong2012scheduling,
  title={Scheduling time-triggered traffic in TTEthernet systems},
  author={Suethanuwong, Ekarin},
  booktitle={Proceedings of 2012 IEEE 17th International Conference on Emerging Technologies \& Factory Automation (ETFA 2012)},
  pages={1--4},
  year={2012},
  organization={IEEE}
}

@inproceedings{craciunas2014optimal,
  title={Optimal static scheduling of real-time tasks on distributed time-triggered networked systems},
  author={Craciunas, Silviu S and Oliver, Ramon Serna and Ecker, Valentin},
  booktitle={Proceedings of the 2014 IEEE Emerging Technology and Factory Automation (ETFA)},
  pages={1--8},
  year={2014},
  organization={IEEE}
}

@article{zhang2018imporosity,
  title={An imporosity message scheduling based on modified genetic algorithm for time-triggered Ethernet},
  author={Zhang, Yingjing and He, Feng and Lu, Guangshan and Xiong, Huagang},
  journal={Science China Information Sciences},
  volume={61},
  number={1},
  pages={019102},
  year={2018},
  publisher={Science China Press}
}

@inproceedings{abuteir2015scheduling,
  title={Scheduling of rate-constrained and time-triggered traffic in multi-cluster ttethernet systems},
  author={Abuteir, Mohammed and Obermaisser, Roman},
  booktitle={2015 IEEE 13th International Conference on Industrial Informatics (INDIN)},
  pages={239--245},
  year={2015},
  organization={IEEE}
}

@article{zhao2017timing,
  title={Timing analysis of rate-constrained traffic in TTEthernet using network calculus},
  author={Zhao, Luxi and Pop, Paul and Li, Qiao and Chen, Junyan and Xiong, Huagang},
  journal={Real-Time Systems},
  volume={53},
  number={2},
  pages={254--287},
  year={2017},
  publisher={Springer}
}

@inproceedings{chakraborty2003general,
  title={A General Framework for Analysing System Properties in Platform-Based Embedded System Designs.},
  author={Chakraborty, Samarjit and K{\"u}nzli, Simon and Thiele, Lothar},
  booktitle={Proceedings of the conference on Design, Automation and Test in Europe},
  volume={3},
  pages={10190--10195},
  year={2003},
  organization={Citeseer}
}


@article{zhang2019feasibility,
  title={A Feasibility Analysis Framework of Time-Sensitive Networking Using Real-Time Calculus},
  author={Zhang, Peng and Liu, Yu and Shi, Jianqi and Huang, Yanhong and Zhao, Yongxin},
  journal={IEEE Access},
  volume={7},
  pages={90069--90081},
  year={2019},
  publisher={IEEE}
}

@article{gavriluct2016traffic,
  title={Traffic class assignment for mixed-criticality frames in TTEthernet},
  author={Gavrilu{\c{t}}, Voica and Pop, Paul},
  journal={ACM Sigbed Review},
  volume={13},
  number={4},
  pages={31--36},
  year={2016},
  publisher={ACM}
}

@inproceedings{steiner2011automated,
  title={Automated formal verification of the TTEthernet synchronization quality},
  author={Steiner, Wilfried and Dutertre, Bruno},
  booktitle={NASA Formal Methods Symposium},
  pages={375--390},
  year={2011},
  organization={Springer}
}

@inproceedings{tamas2012synthesis,
  title={Synthesis of communication schedules for TTEthernet-based mixed-criticality systems},
  author={Tamas-Selicean, Domitian and Pop, Paul and Steiner, Wilfried},
  booktitle={Proceedings of the eighth IEEE/ACM/IFIP international conference on Hardware/software codesign and system synthesis},
  pages={473--482},
  year={2012},
  organization={ACM}
}

@inproceedings{finzi2019integration,
  title={Integration of SMT-based scheduling with RC network calculus analysis in TTEthernet networks},
  author={Finzi, Ana{\"\i}s and Craciunas, Silviu S},
  booktitle={2019 24th IEEE International Conference on Emerging Technologies and Factory Automation (ETFA)},
  pages={192--199},
  year={2019},
  organization={IEEE}
}

@article{kermia2017schedulability,
  title={Schedulability analysis and efficient scheduling of rate constrained messages in the ttethernet protocol},
  author={Kermia, Omar},
  journal={Software: Practice and Experience},
  volume={47},
  number={11},
  pages={1485--1499},
  year={2017},
  publisher={Wiley Online Library}
}



@article{liu2011research,
  title={Research on time-triggerd-ethernet synchronization and scheduling mechanism},
  author={Liu, WC and Li, Qiao and He, Feng and Xiong, HG},
  journal={Aeronautical Computing Technique},
  volume={41},
  number={4},
  pages={122--127},
  year={2011}
}

@inproceedings{suethanuwong2012scheduling,
  title={Scheduling time-triggered traffic in TTEthernet systems},
  author={Suethanuwong, Ekarin},
  booktitle={Proceedings of 2012 IEEE 17th International Conference on Emerging Technologies \& Factory Automation (ETFA 2012)},
  pages={1--4},
  year={2012},
  organization={IEEE}
}

@inproceedings{thiele2000real,
  title={Real-time calculus for scheduling hard real-time systems},
  author={Thiele, Lothar and Chakraborty, Samarjit and Naedele, Martin},
  booktitle={2000 IEEE International Symposium on Circuits and Systems (ISCAS)},
  volume={4},
  pages={101--104},
  year={2000},
  organization={IEEE}
}

@book{le2001network,
  title={Network calculus: a theory of deterministic queuing systems for the internet},
  author={Le Boudec, Jean-Yves and Thiran, Patrick},
  volume={2050},
  year={2001},
  publisher={Springer Science \& Business Media}
}

@article{le1998application,
  title={Application of network calculus to guaranteed service networks},
  author={Le Boudec, J-Y},
  journal={IEEE Transactions on Information theory},
  volume={44},
  number={3},
  pages={1087--1096},
  year={1998},
  publisher={IEEE}
}

@inproceedings{perathoner2007influence,
  title={Influence of different system abstractions on the performance analysis of distributed real-time systems},
  author={Perathoner, Simon and Wandeler, Ernesto and Thiele, Lothar and Hamann, Arne and Schliecker, Simon and Henia, Rafik and Racu, Razvan and Ernst, Rolf and Harbour, Michael Gonz{\'a}lez},
  booktitle={Proceedings of the 7th ACM \& IEEE international conference on Embedded software},
  pages={193--202},
  year={2007},
  organization={ACM}
}

@inproceedings{moy2010arrival,
  title={Arrival curves for real-time calculus: the causality problem and its solutions},
  author={Moy, Matthieu and Altisen, Karine},
  booktitle={International Conference on Tools and Algorithms for the Construction and Analysis of Systems},
  pages={358--372},
  year={2010},
  organization={Springer}
}
